<?xml version="1.0" encoding="UTF-8"?><collection xmlns="http://www.loc.gov/MARC21/slim"><record><leader>00535nam--2200193-u-4500</leader><controlfield tag="001">000055722</controlfield><controlfield tag="002">20161230</controlfield><controlfield tag="005">20161230201052</controlfield><controlfield tag="008">130402s1000------------r-----000-0-rum-d</controlfield><datafield ind1=" " ind2=" " tag="040"><subfield code="a">IFIN-HH</subfield></datafield><datafield ind1=" " ind2=" " tag="041"><subfield code="a">rum</subfield></datafield><datafield ind1=" " ind2=" " tag="080"><subfield code="a">536.7</subfield></datafield><datafield ind1="1" ind2=" " tag="100"><subfield code="a">Procopiu, Stefan</subfield></datafield><datafield ind1="1" ind2="0" tag="245"><subfield code="a">Termodinamica</subfield><subfield code="c">Stefan procopiu</subfield></datafield><datafield ind1=" " ind2=" " tag="260"><subfield code="a">Iasi</subfield><subfield code="b">Laboratorul De Chimie Organica Al Universitatii Din Iasi</subfield><subfield code="c">1948</subfield></datafield><datafield ind1=" " ind2=" " tag="300"><subfield code="a">280P</subfield></datafield><datafield ind1=" " ind2=" " tag="490"><subfield code="a">Colectia De Monografii Din Stiintele Pure Si Alicate</subfield></datafield><datafield ind1=" " ind2=" " tag="852"><subfield code="a">44405</subfield><subfield code="c">H.H</subfield></datafield><datafield ind1=" " ind2=" " tag="CAT"><subfield code="a">Sys</subfield><subfield code="c">20130402</subfield><subfield code="h">163939</subfield></datafield></record></collection>